@article{hudson,
author = {Hudson, Nicholas},
year = {2011},
month = {01},
pages = {9},
title = {Musical beauty and information compression: Complex to the ear but simple to the mind?},
volume = {4},
journal = {BMC research notes},
doi = {10.1186/1756-0500-4-9}
}

@article{leung,
author = {Hu, Han},
year = {2021},
month = {11},
pages = {1-15},
title = {Research on the Interaction of Genetic Algorithm in Assisted Composition},
volume = {2021},
journal = {Computational Intelligence and Neuroscience},
doi = {10.1155/2021/3137666}
}

@book{mclean,
  author     = {McLean, A. and Dean, R.T.},
  isbn       = {9780190226992},
  lccn       = {2017013174},
  publisher  = {Oxford University Press},
  series     = {Oxford handbooks},
  title      = {The Oxford Handbook of Algorithmic Music},
  url        = {https://books.google.ro/books?id=IqbYAQAACAAJ},
  year       = {2018},
  bdsk-url-1 = {https://books.google.ro/books?id=IqbYAQAACAAJ}
}

@inproceedings{inproceedings,
author = {Alfonseca, Manuel and Cebrián, Manuel and De la Puente, Alfonso},
year = {2007},
month = {09},
pages = {3035-3042},
title = {A simple genetic algorithm for music generation by means of algorithmic information theory},
doi = {10.1109/CEC.2007.4424858}
}

@article{Jacob,
author = {Jacob, Bruce},
year = {1997},
month = {10},
pages = {},
title = {Algorithmic Composition as a Model of Creativity},
volume = {1},
journal = {Organised Sound},
doi = {10.1017/S1355771896000222}
}

@book{history,
	author = {Burkholder, J.P. and Grout, D.J. and Palisca, C.V.},
	isbn = {9780393931259},
	lccn = {2008044302},
	publisher = {W. W. Norton},
	title = {A History of Western Music},
	url = {https://books.google.ro/books?id=INQIAQAAMAAJ},
	year = {2010},
	bdsk-url-1 = {https://books.google.ro/books?id=INQIAQAAMAAJ}}


@book{fauvel,
	author = {Fauvel, J. and Robin J. Wilson, R.F.J.F. and Fauvel, S.L.M.J. and Flood, R. and Wilson, R.J. and Flood, S.T.C.M.D.E.S.R. and Flood, G.P.G.R.},
	isbn = {9780198511878},
	lccn = {2004297544},
	publisher = {Oxford University Press},
	title = {Music and Mathematics: From Pythagoras to Fractals},
	url = {https://books.google.ro/books?id=kFH69I4Y\_l0C},
	year = {2003},
	bdsk-url-1 = {https://books.google.ro/books?id=kFH69I4Y%5C_l0C}}

@misc{website:1,
    howpublished = "\url{https://foleysfinest.com/PluginGuiMagic}",
    author = "Foleys Finest Audio",
    title = "Plugin Gui Magic",
    note = "Accesat la data de 20-08-2022"
}



@book{dictionary,
  title={The Oxford Dictionary of Music},
  author={Kennedy, M. and Kennedy, J.B.},
  isbn={9780198691624},
  lccn={lc94004539},
  series={Oxford paperback reference},
  url={https://books.google.ro/books?id=uW4MngEACAAJ},
  year={1994},
  publisher={Oxford University Press}
}

@book{rhythm,
  title={Aspects of Twentieth-century Music},
  author={DeLone, R. and Kliewer, V.L. and Wittlich, G.E. and Wennerstrom, M.H.},
  isbn={9780130493460},
  lccn={74012401},
  url={https://books.google.ro/books?id=ZGQXAQAAIAAJ},
  year={1975},
  publisher={Prentice-Hall}
}

@book{lerd,
  title={A Generative Theory of Tonal Music, reissue, with a new preface},
  author={Lerdahl, F. and Jackendoff, R.S.},
  isbn={9780262260916},
  series={The MIT Press},
  url={https://books.google.ro/books?id=6HGiEW33lucC},
  year={1996},
  publisher={MIT Press}
}

@inproceedings{sync,
  title={Syncopation: Unifying Music Theory and Perception},
  author={Chunyang Song},
  year={2014}
}

@book{anticipation,
author = {Huron, David},
year = {2006},
month = {01},
pages = {},
title = {Sweet Anticipation: Music and the Psychology of Expectation},
volume = {1.},
isbn = {9780262275965},
doi = {10.7551/mitpress/6575.001.0001}
}

@article{Gomez,
author = {Gómez, Francisco and Melvin, Andrew and Rappaport, David and Toussaint, G},
year = {2005},
month = {01},
pages = {},
title = {Mathematical measures of syncopation},
journal = {Proceedings of the BRIDGES: Mathematical Connections in Art, Music and Science}
}

@inproceedings{Toussaint,
author = {Toussaint, Godfried},
year = {2005},
month = {08},
pages = {18-27},
title = {Mathematical Features for Recognizing Preference in Sub-saharan African Traditional Rhythm Timelines},
volume = {3686},
isbn = {978-3-540-28757-5},
journal = {Lecture Notes in Computer Science},
doi = {10.1007/11551188_2}
}

@book{midi,
  title={The Complete MIDI 1.0 Detailed Specification: Incorporating All Recommended Practices ; Document Version 96.1},
  author={MIDI Manufacturers Association},
  isbn={9780972883108},
  url={https://www.midi.org/specifications-old/item/the-midi-1-0-specification},
  year={2006},
  publisher={MIDI Manufacturers Association Incorporated}
}

@misc{website:history,
    howpublished = "\url{"https://ccrma.stanford.edu/~blackrse/algorithm.html}",
    author={John A. Marauver},
    title={"A Brief History of Algorithmic Composition},
    note = "Accesat la data de 25-08-2022"
}

@article{reinforced,
author = {Franklin, Judy},
year = {2002},
month = {04},
pages = {},
title = {Multi-phase learning for jazz improvisation and interaction}
}

@inproceedings{markov,
  author       = {Hawryshkewich, Andrew and
                  Pasquier, Philippe and
                  Eigenfeldt, Arne},
  title        = {{Beatback : A Real-time Interactive Percussion 
                   System for Rhythmic Practise and Exploration}},
  booktitle    = {{Proceedings of the International Conference on New 
                   Interfaces for Musical Expression}},
  year         = 2010,
  pages        = {100--105},
  publisher    = {Zenodo},
  month        = jun,
  venue        = {Sydney, Australia},
  doi          = {10.5281/zenodo.1177797},
  url          = {https://doi.org/10.5281/zenodo.1177797}
}

@article{genetic_rc,
author = {Ariza, Christopher},
year = {2002},
month = {01},
pages = {},
title = {Prokaryotic Groove: Rhythmic Cycles as Real-Value Encoded Genetic Algorithms}
}

@inproceedings{genetic_k,
author = {Alfonseca, Manuel and Cebrián, Manuel and De la Puente, Alfonso},
year = {2007},
month = {09},
pages = {3035-3042},
title = {A simple genetic algorithm for music generation by means of algorithmic information theory},
doi = {10.1109/CEC.2007.4424858}
}

@inproceedings{magentastudio,
title	= {Magenta Studio: Augmenting Creativity with Deep Learning in Ableton Live},
author	= {Adam Roberts and Jesse Engel and Yotam Mann and Jon Gillick and Claire Kayacik and Signe Nørly and Monica Dinculescu and Carey Radebaugh and Curtis Hawthorne and Douglas Eck},
year	= {2019},
URL	= {http://musicalmetacreation.org/buddydrive/file/mume_2019_paper_2/},
booktitle	= {Proceedings of the International Workshop on Musical Metacreation (MUME)}
}

@misc{website:reason,
    howpublished = "\url{https://www.reasonstudios.com/shop/rack-extension/bassline-generator}",
    author={Reason Studio},
    title={"Bassline generator"},
    note = "Accesat la data de 28-08-2022"
}

@article{deap,
author = {Fortin, Félix-Antoine and De Rainville, François-Michel and Gardner, M.A. and Parizeau, Marc and Gagné, Christian},
year = {2012},
month = {07},
pages = {2171-2175},
title = {DEAP: Evolutionary algorithms made easy},
volume = {13},
journal = {Journal of Machine Learning Research, Machine Learning Open Source Software}
}

@misc{pybind11,
   author = {Wenzel Jakob and Jason Rhinelander and Dean Moldovan},
   year = {2017},
   note = {https://github.com/pybind/pybind11},
   title = {pybind11 -- Seamless operability between C++11 and Python}
}

@article{kolmogovorv,
    author = {Alfonseca, Manuel and Cebrián, Manuel and De la Puente, Alfonso},
    year = {2007},
    month = {09},
    pages = {3035-3042},
    title = {A simple genetic algorithm for music generation by means of algorithmic information theory},
    doi = {10.1109/CEC.2007.4424858}
}

@article{lz77,
  author={Ziv, J. and Lempel, A.},
  journal={IEEE Transactions on Information Theory}, 
  title={A universal algorithm for sequential data compression}, 
  year={1977},
  volume={23},
  number={3},
  pages={337-343},
  doi={10.1109/TIT.1977.1055714}}
}

@article{lz78,  
    author={Ziv, J. and Lempel, A.},  
    journal={IEEE Transactions on Information Theory},   
    title={Compression of individual sequences via variable-rate coding},   
    year={1978},  
    volume={24},  
    number={5},  
    pages={530-536},  
    doi={10.1109/TIT.1978.1055934}
}

@article{lzw,  
    author={Welch},  
    journal={Computer},   
    title={A Technique for High-Performance Data Compression},   
    year={1984},  
    volume={17},  
    number={6},  
    pages={8-19},  
    doi={10.1109/MC.1984.1659158}
}